<record><leader>00000cas a22000007a 4500</leader><controlfield tag="001">21370480</controlfield><controlfield tag="008">900413c19489999mouwr ne      0    0eng d</controlfield><datafield ind1=" " ind2=" " tag="010"><subfield code="a">sn 90061433 </subfield></datafield><datafield ind1=" " ind2=" " tag="040"><subfield code="a">MQN</subfield><subfield code="b">eng</subfield><subfield code="c">MQN</subfield><subfield code="d">OCLCQ</subfield></datafield><datafield ind1=" " ind2=" " tag="042"><subfield code="a">msc</subfield></datafield><datafield ind1="0" ind2=" " tag="130"><subfield code="a">Monroe County appeal (Paris, Mo. : 1948)</subfield></datafield><datafield ind1="1" ind2="0" tag="245"><subfield code="a">Monroe County appeal.</subfield></datafield><datafield ind1="1" ind2="3" tag="246"><subfield code="a">Monroe County appeal Madison times and Paris mercury</subfield><subfield code="f">Jan. 6, 1972-</subfield></datafield><datafield ind1=" " ind2=" " tag="260"><subfield code="a">Paris, Mo. :</subfield><subfield code="b">H.J. Blanton and R. Irvin Colborn,</subfield><subfield code="c">1948-</subfield></datafield><datafield ind1=" " ind2=" " tag="300"><subfield code="a">v.</subfield></datafield><datafield ind1=" " ind2=" " tag="310"><subfield code="a">Weekly</subfield></datafield><datafield ind1="0" ind2=" " tag="362"><subfield code="a">Vol. 80, no. 32 (Apr. 1, 1948)-</subfield></datafield><datafield ind1=" " ind2=" " tag="752"><subfield code="a">United States</subfield><subfield code="b">Missouri</subfield><subfield code="c">Monroe</subfield><subfield code="d">Paris.</subfield></datafield><datafield ind1="0" ind2="0" tag="780"><subfield code="t">Monroe County appeal and Paris mercury</subfield><subfield code="w">(DLC)sn 90061432</subfield></datafield><datafield ind1="0" ind2="5" tag="780"><subfield code="t">Madison weekly times</subfield><subfield code="w">(DLC)sn 90061313</subfield></datafield></record>